@BOOK{Cooper2000-gm,
  title     = "The central role of enzymes as biological catalysts",
  author    = "Cooper, Geoffrey M",
  publisher = "Sinauer Associates",
  year      =  2000,
  address   = "Sunderland, MA"
}

@ARTICLE{Robinson2015-wz,
  title    = "Enzymes: principles and biotechnological applications",
  author   = "Robinson, Peter K",
  journal  = "Essays Biochem.",
  volume   =  59,
  number   =  0,
  pages    = "1--41",
  year     =  2015,
  language = "en"
}

@ARTICLE{Rost1996-pi,
  title    = "Bridging the protein sequence-structure gap by structure
              predictions",
  author   = "Rost, B and Sander, C",
  journal  = "Annu. Rev. Biophys. Biomol. Struct.",
  volume   =  25,
  number   =  1,
  pages    = "113--136",
  year     =  1996,
  language = "en"
}

@ARTICLE{Hu2012-fc,
  title    = "Assignment of {EC} numbers to enzymatic reactions with reaction
              difference fingerprints",
  author   = "Hu, Qian-Nan and Zhu, Hui and Li, Xiaobing and Zhang, Manman and
              Deng, Zhe and Yang, Xiaoyan and Deng, Zixin",
  journal  = "PLoS One",
  volume   =  7,
  number   =  12,
  pages    = "e52901",
  year     =  2012,
  language = "en"
}

@ARTICLE{Li2018-oi,
  title    = "{DEEPre}: sequence-based enzyme {EC} number prediction by deep
              learning",
  author   = "Li, Yu and Wang, Sheng and Umarov, Ramzan and Xie, Bingqing and
              Fan, Ming and Li, Lihua and Gao, Xin",
  journal  = "Bioinformatics",
  volume   =  34,
  number   =  5,
  pages    = "760--769",
  year     =  2018,
  language = "en"
}

@ARTICLE{Dobson2005-zo,
  title    = "Predicting enzyme class from protein structure without alignments",
  author   = "Dobson, Paul D and Doig, Andrew J",
  journal  = "J. Mol. Biol.",
  volume   =  345,
  number   =  1,
  pages    = "187--199",
  year     =  2005,
  language = "en"
}

@ARTICLE{Nagao2014-hc,
  title    = "Prediction of detailed enzyme functions and identification of
              specificity determining residues by random forests",
  author   = "Nagao, Chioko and Nagano, Nozomi and Mizuguchi, Kenji",
  journal  = "PLoS One",
  volume   =  9,
  number   =  1,
  pages    = "e84623",
  year     =  2014,
  language = "en"
}

@ARTICLE{Yang2015-he,
  title    = "The {I-TASSER} Suite: protein structure and function prediction",
  author   = "Yang, Jianyi and Yan, Renxiang and Roy, Ambrish and Xu, Dong and
              Poisson, Jonathan and Zhang, Yang",
  journal  = "Nat. Methods",
  volume   =  12,
  number   =  1,
  pages    = "7--8",
  year     =  2015,
  language = "en"
}

@ARTICLE{Arakaki2009-jk,
  title    = "{EFICAz2}: enzyme function inference by a combined approach
              enhanced by machine learning",
  author   = "Arakaki, Adrian K and Huang, Ying and Skolnick, Jeffrey",
  journal  = "BMC Bioinformatics",
  volume   =  10,
  number   =  1,
  pages    = "107",
  year     =  2009,
  language = "en"
}

@ARTICLE{Quester2011-kp,
  title    = "{EnzymeDetector}: an integrated enzyme function prediction tool
              and database",
  author   = "Quester, Susanne and Schomburg, Dietmar",
  journal  = "BMC Bioinformatics",
  volume   =  12,
  number   =  1,
  pages    = "376",
  year     =  2011,
  language = "en"
}

@ARTICLE{Kumar2012-jc,
  title    = "{EFICAz2.5}: application of a high-precision enzyme function
              predictor to 396 proteomes",
  author   = "Kumar, Narendra and Skolnick, Jeffrey",
  journal  = "Bioinformatics",
  volume   =  28,
  number   =  20,
  pages    = "2687--2688",
  year     =  2012,
  language = "en"
}

@ARTICLE{Cai2003-hy,
  title    = "{SVM-Prot}: Web-based support vector machine software for
              functional classification of a protein from its primary sequence",
  author   = "Cai, C Z and Han, L Y and Ji, Z L and Chen, X and Chen, Y Z",
  journal  = "Nucleic Acids Res.",
  volume   =  31,
  number   =  13,
  pages    = "3692--3697",
  year     =  2003,
  language = "en"
}

@ARTICLE{Zou2016-ip,
  title    = "Classifying multifunctional enzymes by incorporating three
              different models into chou's general pseudo amino acid
              composition",
  author   = "Zou, Hong-Liang and Xiao, Xuan",
  journal  = "J. Membr. Biol.",
  volume   =  249,
  number   =  4,
  pages    = "551--557",
  year     =  2016,
  language = "en"
}

@ARTICLE{De_Ferrari2012-jw,
  title    = "{EnzML}: multi-label prediction of enzyme classes using
              {InterPro} signatures",
  author   = "De Ferrari, Luna and Aitken, Stuart and van Hemert, Jano and
              Goryanin, Igor",
  journal  = "BMC Bioinformatics",
  volume   =  13,
  number   =  1,
  pages    = "61",
  year     =  2012,
  language = "en"
}

@ARTICLE{Dai2017-ao,
  title    = "{Sequence2Vec}: a novel embedding approach for modeling
              transcription factor binding affinity landscape",
  author   = "Dai, Hanjun and Umarov, Ramzan and Kuwahara, Hiroyuki and Li, Yu
              and Song, Le and Gao, Xin",
  journal  = "Bioinformatics",
  volume   =  33,
  number   =  22,
  pages    = "3575--3583",
  year     =  2017,
  language = "en"
}

@ARTICLE{Lin2022-bz,
  title   = "An interpretable double-scale attention model for enzyme protein
             class prediction based on Transformer encoders and multi-scale
             convolutions",
  author  = "Lin, Ken and Quan, Xiongwen and Jin, Chen and Shi, Zhuangwei and
             Yang, Jinglong",
  journal = "Front. Genet.",
  volume  =  13,
  year    =  2022
}

@ARTICLE{Kalyan2021-xu,
  title    = "{AMMUS} : A survey of transformer-based pretrained models in
              natural language processing",
  author   = "Kalyan, Katikapalli Subramanyam and Rajasekharan, Ajit and
              Sangeetha, Sivanesan",
  year     =  2021,
  eprint   = "2108.05542"
}

@UNPUBLISHED{Elnaggar2020-ud,
  title   = "{ProtTrans}: Towards cracking the language of life's code through
             self-supervised learning",
  author  = "Elnaggar, Ahmed and Heinzinger, Michael and Dallago, Christian and
             Rehawi, Ghalia and Wang, Yu and Jones, Llion and Gibbs, Tom and
             Feher, Tamas and Angerer, Christoph and Steinegger, Martin and
             Bhowmik, Debsindhu and Rost, Burkhard",
  journal = "bioRxiv",
  year    =  2020
}

@UNPUBLISHED{Morgat2019-th,
  title   = "Enzyme annotation in {UniProtKB} using Rhea",
  author  = "Morgat, Anne and Lombardot, Thierry and Coudert, Elisabeth and
             Axelsen, Kristian and Neto, Teresa Batista and Gehant, Sebastien
             and Bansal, Parit and Bolleman, Jerven and Gasteiger, Elisabeth
             and Castro, Edouard de and Baratin, Delphine and Pozzato, Monica
             and Xenarios, Ioannis and Poux, Sylvain and Redaschi, Nicole and
             Bridge, Alan and {The UniProt Consortium}",
  journal = "bioRxiv",
  year    =  2019
}

@ARTICLE{Heinzinger2022-be,
  title    = "Contrastive learning on protein embeddings enlightens midnight
              zone",
  author   = "Heinzinger, Michael and Littmann, Maria and Sillitoe, Ian and
              Bordin, Nicola and Orengo, Christine and Rost, Burkhard",
  journal  = "NAR Genom. Bioinform.",
  volume   =  4,
  number   =  2,
  pages    = "lqac043",
  year     =  2022,
  language = "en"
}
